% -*- coding: utf-8; -*-

@Book{1,
  key          	= {1},
  abstract 		= {Chemical foundations},
  address 		= {New York},
  author 		= {Lodish, H. and Berk, A. and Matsudaira, P. and Kaiser, C.A. and Krieger, M. and Scott, M.},
  edition 		= {5th},
  editor 		= {Freeman, W.H.},
  isbn 			= {0716743663},
  number 		= {3},
  pages 		= {973},
  title 		= {{Molecular Cell Biology}},
  volume 		= {60},
  year 			= {1990}
}
@book{2,
	key         = {2},
	address 	= {New York},
	author 		= {Lehninger, A. and Nelson, D. and Cox, M.},
	doi 		= {10.1007/s11655-011-0820-1},
	edition 	= {4th},
	editor 		= {Freeman, W.H.},
	isbn 		= {0716770490},
	issn 		= {16720415},
	keywords	= {Ethics review,Institute review board,Traditional medicine research},
	number 		= {8},
	pages 		= {1118},
	pmid 		= {21826599},
	title 		= {{Principles of Biochemistry}},
	volume 		= {17},
	year 		= {2005}
}
@article{3,
	key         = {3},
	abstract 	= {Images: Fig. 1.:},
	author 		= {Creighton, T E},
	issn 		= {0264-6021},
	journal 	= {Biochem. J.},
	number 		= {1},
	pages 		= {1--16},
	pmid 		= {2204340},
	title 		= {{Protein folding.}},
	volume 		= {270},
	year 		= {1990}
}

@book{4,
	key         = {4},
	address 	= {New York},
	author 		= {Lesk, A.M.},
	edition 	= {1st},
	isbn 		= {0199651566},
	number 		= {3},
	pages 		= {255},
	title 		= {{Introduction to Bioinformatics}},
	volume 		= {I},
	year 		= {2002}
}

@book{5,
	key         = {5},
	address 	= {New York},
	author 		= {Branden, C. and Tooze, J.},
	edition 	= {2nd},
	publisher 	= {Garland Publishing Inc},
	title 		= {{Introduction to Protein Structure}},
	year 		= {1998}
}

@book{6,
	key         = {6},
	author 		= {Baxevanis, Ad and Ouellette, Bff},
	isbn 		= {0471383902},
	title 		= {{Bioinformatics: a practical guide to the analysis of genes and proteins}},
	year 		= {2001}
}

@book{7,
	key         	= {7},
	author 			= {Seringhaus, Michael},
	booktitle	 	= {The Yale journal of biology and medicine},
	doi 			= {10.1016/S0097-8485(02)00028-1},
	isbn 			= {1565926641},
	issn 			= {00978485},
	number 			= {2},
	pages 			= {117--118},
	title 			= {{Developing Bioinformatics Computer Skills}},
	volume 			= {75},
	year 			= {2002}
}

@article{8,
	key         = {8},
	author 		= {G{\"{u}}ntert, Peter},
	doi 		= {10.1385/1-59259-809-9:353},
	isbn 		= {1064-3745 (Print)$\backslash$r1064-3745 (Linking)},
	issn 		= {1064-3745},
	journal 	= {Methods in molecular biology (Clifton, N.J.)},
	keywords 	= {automated assignment,automated structure determination,conformational constraints,constraint combination,cyana program,network anchoring,nmr structure determination,noesy assignment,protein structure,torsion angle dynamics},
	pages 		= {353--78},
	pmid 		= {15318003},
	title 		= {{Automated NMR structure calculation with CYANA.}},
	volume 		= {278},
	year 		= {2004}
}

@article{9,
	key         = {9},
	author 		= {Bujnicki, Janusz M},
	doi 		= {10.1002/cbic.200500235},
	isbn 		= {1439-4227},
	issn 		= {1439-4227},
	journal 	= {Chembiochem : a European journal of chemical biology},
	keywords 	= {Molecular evolution,Molecular modeling,Protein folding,Protein models,Protein structures},
	month 		= {jan},
	number 		= {1},
	pages 		= {19--27},
	pmid 		= {16317788},
	title 		= {{Protein-structure prediction by recombination of fragments.}},
	volume 		= {7},
	year 		= {2006}
}

@misc{10,
	key         = {10},
	author 		= {Moult, John},
	booktitle 	= {Current Opinion in Structural Biology},
	doi 		= {10.1016/j.sbi.2005.05.011},
	isbn 		= {0959-440X (Print)$\backslash$r0959-440X (Linking)},
	issn 		= {0959440X},
	month 		= {jun},
	number 		= {3 SPEC. ISS.},
	pages 		= {285--289},
	pmid 		= {15939584},
	title 		= {{A decade of CASP: Progress, bottlenecks and prognosis in protein structure prediction}},
	volume 		= {15},
	year 		= {2005}
}


@article{11,
	key         = {11},
	author 		= {Osguthorpe, D},
	doi 		= {10.1016/S0959-440X(00)00067-1},
	issn 		= {0959440X},
	journal 	= {Current Opinion in Structural Biology},
	month 		= {apr},
	number 		= {2},
	pages 		= {146--152},
	title 		= {{Ab initio protein folding}},
	volume 		= {10},
	year 		= {2000}
}

@book{12,
	key         = {12},
	author 		= {Tramontano, A.},
	edition 	= {1st},
	publisher 	= {John Wiley and Sons},
	title 		= {{Protein Structure Prediction}},
	year 		= {2006}
}

@article{13,
	key         = {13},
	author 		= {Floudas, C.A. and Fung, H.K. and McAllister, S.R. and M{\"{o}}nnigmann, M and Rajgaria, R},
	doi 		= {10.1016/j.ces.2005.04.009},
	issn 		= {00092509},
	journal 	= {Chemical Engineering Science},
	keywords 	= {De novo protein design,Force field development,Loop structure prediction,Protein folding},
	month 		= {feb},
	number 		= {3},
	pages 		= {966--988},
	title 		= {{Advances in protein structure prediction and de novo protein design: A review}},
	volume 		= {61},
	year 		= {2006}
}

@article{14,
	key         = {14},
	author = {Bowie, J U and Luthy, R and Eisenberg, D},
	doi = {10.1126/science.1853201},
	eprint = {arXiv:1011.1669v3},
	isbn = {0036-8075 (Print)$\backslash$r0036-8075 (Linking)},
	issn = {00368075, 10959203},
	journal = {Science},
	keywords = {Actins/chemistry/ultrastructure Algorithms Amino A},
	number = {5016},
	pages = {164--170},
	pmid = {1853201},
	title = {{A method to identify protein sequences that fold into a known three- dimensional structure}},
	volume = {253},
	year = {1991}
}
@article{15,
	key         = {15},
	doi = {10.1038/358086a0},
	isbn = {0028-0836 (Print)},
	issn = {0028-0836},
	journal = {Nature},
	month = {jul},
	number = {6381},
	pages = {86--89},
	pmid = {1614539},
	title = {{A new approach to protein fold recognition}},
	url = {http://www.nature.com/doifinder/10.1038/358086a0},
	volume = {358},
	year = {1992}
}

@article{16,
	key         = {16},
	author 		= {Bryant, Stephen H. and Altschul, Stephen F.},
	doi 		= {10.1016/0959-440X(95)80082-4},
	isbn 		= {0959-440X (Print)$\backslash$r0959-440X (Linking)},
	issn 		= {0959440X},
	journal 	= {Current Opinion in Structural Biology},
	number 		= {2},
	pages 		= {236--244},
	pmid 		= {7648327},
	title 		= {{Statistics of sequence-structure threading}},
	url 		= {http://www.sciencedirect.com/science/article/pii/0959440X95800824},
	volume 		= {5},
	year 		= {1995}
}
@article{17,
	key         = {17},
	author 		= {Tattersall, S F and Benson, M K and Hunter, D and Mansell, A and Pride, N B and Fletcher, C M},
	doi 		= {10.1164/arrd.1978.118.6.1035},
	issn 		= {0003-0805},
	journal 	= {The American review of respiratory disease},
	keywords 	= {Artificial Intelligence,ILP,ILP Databases,ILP Datasets,ILP applications,Machine Learning},
	month 		= {dec},
	number 		= {6},
	pages 		= {1035--50},
	pmid 		= {742759},
	title 		= {{The use of tests of peripheral lung function for predicting future disability from airflow obstruction in middle-aged smokers.}},
	volume 		= {118},
	year 		= {1978}
}

@article{18,
	key         = {18},
	author 		= {Mart{\'{i}}-Renom, Marc A. and Stuart, Ashley C. and Fiser, Andr{\'{a}}s and S{\'{a}}nchez, Roberto and Melo, Francisco and {\v{S}}ali, Andrej},
	doi 		= {10.1146/annurev.biophys.29.1.291},
	isbn 		= {1056-8700},
	issn 		= {1056-8700},
	journal 	= {Annual Review of Biophysics and Biomolecular Structure},
	month 		= {jun},
	number 		= {1},
	pages 		= {291--325},
	pmid 		= {10940251},
	title 		= {{Comparative Protein Structure Modeling of Genes and Genomes}},
	volume 		= {29},
	year 		= {2000}
}

@article{19,
	key         = {19},
	author 		= {S{\'{a}}nchez, Roberto and {\v{S}}ali, Andrej},
	doi 		= {10.1016/S0959-440X(97)80027-9},
	isbn 		= {0959-440X},
	issn 		= {0959440X},
	journal 	= {Current Opinion in Structural Biology},
	month 		= {apr},
	number 		= {2},
	pages 		= {206--214},
	pmid 		= {9094331},
	title 		= {{Advances in comparative protein-structure modelling}},
	url 		= {http://www.ncbi.nlm.nih.gov/pubmed/9094331},
	volume 		= {7},
	year 		= {1997}
}

@article{20,
	key         = {20},
	doi 		= {10.1016/S0076-6879(04)83004-0},
	isbn 		= {9780121827885},
	issn 		= {00766879},
	journal 	= {Methods in Enzymology},
	number 		= {2003},
	pages 		= {66--93},
	pmid 		= {15063647},
	title 		= {{Protein Structure Prediction Using Rosetta}},
	volume 		= {383},
	year 		= {2004}
}

@article{21,
	key         = {21},
	doi = {10.1002/prot.340220202},
	isbn = {0887-3585},
	issn = {10970134},
	journal = {Proteins: Structure, Function, and Bioinformatics},
	keywords = {protein folding},
	month = {jun},
	number = {2},
	pages = {81--99},
	pmid = {7567969},
	title = {{LINUS: A hierarchic procedure to predict the fold of a protein}},
	volume = {22},
	year = {1995}
}

@article{22,
	key         = {22},
	author = {Kolinski, Andrzej},
	doi = {035001349},
	isbn = {0001-527X (Print)$\backslash$n0001-527X (Linking)},
	issn = {0001527X},
	journal = {Acta Biochimica Polonica},
	keywords = {Comparative modeling,Lattice proteins,Monte Carlo simulations,Protein folding,Structure prediction},
	number = {2},
	pages = {349--371},
	pmid = {15218533},
	title = {{Protein modeling and structure prediction with a reduced representation}},
	volume = {51},
	year = {2004}
}

@article{23,
	key         = {23},
	doi = {10.1002/prot.21809},
	isbn = {1097-0134 (Electronic)$\backslash$n0887-3585 (Linking)},
	issn = {08873585},
	journal = {Proteins: Structure, Function and Genetics},
	keywords = {Consensus-based feature,Machine learning,Protein structure prediction,Scoring function,Support vector regression},
	month = {nov},
	number = {3},
	pages = {1175--1182},
	pmid = {18004754},
	title = {{Ranking predicted protein structures with support vector regression}},
	url = {http://doi.wiley.com/10.1002/prot.21809},
	volume = {71},
	year = {2008}
}

@article{24,
	key     	= {24},
	doi = {10.1002/prot.24919},
	issn = {10970134},
	journal = {Proteins: Structure, Function and Bioinformatics},
	keywords = {CASP,EMA,Estimation of model accuracy,Model quality assessment,Protein structure modeling,Protein structure prediction,QA},
	number = {May 2014},
	pages = {349--369},
	pmid = {26344049},
	title = {{Methods of model accuracy estimation can help selecting the best models from decoy sets: Assessment of model accuracy estimations in CASP11}},
	volume = {2014},
	year = {2015}
}

@article{25,
	key     	= {25},
	author = {Jing, Xiaoyang and Wang, Kai and Lu, Ruqian and Dong, Qiwen},
	doi = {10.1038/srep31571},
	file = {:home/edwin/Desktop/srep31571.pdf:pdf},
	journal = {Nature Publishing Group},
	number = {April},
	pages = {1--11},
	publisher = {Nature Publishing Group},
	title = {{Sorting protein decoys by machine- learning-to-rank}},
	year = {2016}
}

@article{26,
	key         = {26},
	author 		= {Br{\"{u}}schweiler, Rafael},
	doi			= {10.1002/prot.10250},
	isbn 		= {1097-0134 (Electronic)},
	issn 		= {1097-0134},
	journal 	= {Proteins},
	keywords 	= {IDE,Molecular ensembles,RMSD,Structural comparison},
	month 		= {jan},
	number 		= {1},
	pages 		= {26--34},
	pmid 		= {12471596},
	title 		= {{Efficient RMSD measures for the comparison of two molecular ensembles. Root-mean-square deviation.}},
	volume 		= {50},
	year 		= {2003}
}
@article{27,
	key         = {27},
	author 		= {Zemla, Adam},
	doi 		= {10.1093/nar/gkg571},
	isbn 		= {1362-4962 (Electronic)},
	issn 		= {1362-4962},
	journal 	= {Nucleic acids research},
	month 		= {jul},
	number 		= {13},
	pages 		= {3370--4},
	pmid 		= {12824330},
	title 		= {{LGA: A method for finding 3D similarities in protein structures.}},
	volume 		= {31},
	year 		= {2003}
}

@article{28,
	key     = {28},
	author	= {Zhang, Yang and Skolnick, Jeffrey},
	doi 	= {10.1002/prot.20264},
	isbn 	= {1097-0134},
	issn 	= {1097-0134},
	journal = {Proteins},
	month 	= {dec},
	number 	= {4},
	pages 	= {702--10},
	pmid 	= {15476259},
	title 	= {{Scoring function for automated assessment of protein structure template quality.}},
	volume 	= {57},
	year 	= {2004}
}

@article{29,
	key     = {29},
	author 	= {Siew, N and Elofsson, a and Rychlewski, L and Fischer, D},
	doi 	= {10.1093/bioinformatics/16.9.776},
	issn 	= {1367-4803},
	journal = {Bioinformatics (Oxford, England)},
	number 	= {9},
	pages 	= {776--785},
	pmid 	= {11108700},
	title 	= {{MaxSub: an automated measure for the assessment of protein structure prediction quality.}},
	volume 	= {16},
	year 	= {2000}
}

@article{30,
	key     	= {30},
	author 		= {Lazaridis, Themis and Karplus, Martin},
	doi 		= {10.1006/jmbi.1999.2685},
	isbn 		= {0022-2836},
	issn 		= {0022-2836},
	journal 	= {Journal of molecular biology},
	keywords 	= {implicit solvation,molecular dynamics,protein folding},
	month 		= {may},
	number 		= {3},
	pages 		= {477--87},
	pmid 		= {10329155},
	title 		= {{Discrimination of the native from misfolded protein models with an energy function including implicit solvation.}},
	volume 		= {288},
	year 		= {1999}
}

@article{31,
	key     	= {31},
	doi 		= {10.1110/ps.9.11.2181},
	issn 		= {0961-8368},
	journal 	= {Protein science : a publication of the Protein Society},
	keywords 	= {a method of comparing,conformational free energy,continuum electrostatics,evaluation,fold specificity,misfolded proteins,model,particular sequence and determining,protein stability,protein structure prediction requires,three-dimensional models of a,two},
	month 		= {nov},
	number 		= {11},
	pages 		= {2181--91},
	pmid 		= {11152128},
	title 		= {{Free energy determinants of tertiary structure and the evaluation of protein models.}},
	volume 		= {9},
	year 		= {2000}
}

@article{32,
	key     	= {32},
	author 		= {Lu, Mingyang and Dousis, Athanasios D and Ma, Jianpeng},
	doi 		= {10.1016/j.jmb.2007.11.033},
	isbn 		= {1089-8638 (Electronic)},
	issn 		= {1089-8638},
	journal 	= {Journal of molecular biology},
	keywords 	= {decoy recognition/structure prediction,knowledge-based potential function,orientation dependence,protein folding,side-chain packing},
	month 		= {feb},
	number 		= {1},
	pages 		= {288--301},
	pmid 		= {18177896},
	title 		= {{OPUS-PSP: an orientation-dependent statistical all-atom potential derived from side-chain packing.}},
	volume 		= {376},
	year 		= {2008}
}

@article{33,
	key     	= {33},
	author = {Zhou, H and Zhou, Yaoqi},
	doi = {10.1110/ps.0217002.2002},
	journal = {Protein science},
	keywords = {accurate potential that describes,an,decoy sets,ferent amino acid residues,ideal-gas reference state,knowledge-based potential,protein folding problem requires,the interactions among dif-,the potential that would,the solution of the,yield a},
	pages = {2714--2726},
	title = {{Distance scaled, finite ideal gas reference state improves structure derived potentials of mean force for structure selection and stability prediction}},
	volume = {11},
	year = {2002}
}

@article{34,
	key     	= {34},
	doi = {10.1002/prot.22532},
	isbn = {10970134},
	issn = {1097-0134},
	journal = {Proteins},
	keywords = {CASP8,Mean force potential,Model quality assessment,Protein structure homology modeling,QMEAN,Scoring function},
	number = {SUPPL. 9},
	pages = {173--80},
	pmid = {19705484},
	title = {{Global and local model quality estimation at CASP8 using the scoring functions QMEAN and QMEANclust.}},
	volume = {77 Suppl 9},
	year = {2009}
}

@article{35,
	key     	= {35},
	author = {Wallner, Bj{\"{o}}rn and Elofsson, Arne},
	doi = {10.1002/prot.21774},
	isbn = {1097-0134 (Electronic)},
	issn = {1097-0134},
	journal = {Proteins},
	keywords = {Consensus,MQAP,Quality assessment},
	number = {S8},
	pages = {184--93},
	pmid = {17894353},
	title = {{Prediction of global and local model quality in CASP7 using Pcons and ProQ.}},
	volume = {69 Suppl 8},
	year = {2007}
}

@article{36,
	key     	= {36},
	author = {Ginalski, Krzysztof and Elofsson, Arne and Fischer, Daniel and Rychlewski, Leszek},
	doi = {10.1093/bioinformatics/btg124},
	isbn = {1367-4803 (Print)},
	issn = {1367-4803},
	journal = {Bioinformatics (Oxford, England)},
	month = {may},
	number = {8},
	pages = {1015--8},
	pmid = {12761065},
	title = {{3D-Jury: a simple approach to improve protein structure predictions.}},
	volume = {19},
	year = {2003}
}

@article{37,
	key     	= {37},
	author = {Wang, Zheng and Tegge, Allison N and Cheng, Jianlin},
	doi = {10.1002/prot.22275},
	issn = {1097-0134},
	journal = {Proteins},
	keywords = {machine learning,port vector machine,protein model,protein model evaluation,protein structure prediction,quality assurance,sup-},
	month = {may},
	number = {3},
	pages = {638--47},
	pmid = {19004001},
	title = {{Evaluating the absolute quality of a single protein model using structural features and support vector machines.}},
	volume = {75},
	year = {2009}
}

@article{38,
	key     	= {38},
	author = {Rana, Prashant Singh and Sharma, Harish and Bhattacharya, Mahua and Shukla, Anupam},
	doi = {10.1142/S0219720015500055},
	issn = {0219-7200},
	journal = {Journal of Bioinformatics and Computational Biology},
	keywords = {feature importance,ing,machine learn-,physicochemical properties of protein,protein structure prediction,random forest,sade},
	number = {02},
	pages = {1550005},
	title = {{Quality assessment of modeled protein structure using physicochemical properties}},
	volume = {13},
	year = {2015}
}

@article{39,
	key     	= {39},
	author = {Faraggi, Eshel and Kloczkowski, Andrzej},
	doi = {10.1002/prot.24454},
	issn = {1097-0134},
	journal = {Proteins},
	keywords = {global features,neural network,protein knowledge potentials,protein potential energy,protein scoring functions,tertiary protein structure},
	number = {5},
	pages = {752--9},
	pmid = {24264942},
	title = {{A global machine learning based scoring function for protein structure prediction.}},
	volume = {82},
	year = {2014}
}
@article{40,
	key     	= {40},
	doi = {10.1080/03081079.2010.544869},
	issn = {0308-1079},
	journal = {International Journal of General Systems},
	number = {4},
	pages = {417--425},
	title = {{A machine learning-based method for protein global model quality assessment}},
	volume = {40},
	year = {2011}
}
@article{41,
	key     	= {41},
	author = {Ghosh, Soma and Vishveshwara, Saraswathi},
	doi = {10.12688/f1000research.3-17.v1},
	issn = {2046-1402},
	journal = {F1000Research},
	number = {MAY},
	pages = {1--9},
	title = {{Ranking the quality of protein structure models using sidechain based network properties}},
	url = {http://f1000research.com/articles/3-17/v1},
	volume = {17},
	year = {2014}
}


%---------------------------
%---------------------------
%---------------------------
%---------------------------

