Automatically generated by Mendeley Desktop 1.17.10
Any changes to this file will be lost if it is regenerated by Mendeley.

BibTeX export options can be customized via Options -> BibTeX in Mendeley Desktop

@book{PAULING1960,
author = {PAULING, L},
isbn = {0-8014-0333-2},
title = {{The Nature of the Chemical Bond}},
year = {1960}
}
